@ONLINE{KyotoUS,
	author = {KyotoUSA},
    title = {Kyoto USA Homepage},
    year = {2014},
    url = {http://www.kyotousa.org/},
    note = {Last accessed 20 June 2014}
 }
 
@ONLINE{Change14a,
	author = {Change.org},
	title = {About},
	year = {2014},
	url = {https://www.change.org/about},
	note = {Last accessed 05 May 2014}
}

@ONLINE{Change14b,
	author = {Change.org},
    title = {How an Online Petition Works},
    year = {2014},
    url = {http://www.change.org/en-GB/guides/how-an-online-petition-works},
    note = {Last accessed 05 May 2014}
}

@ONLINE{Change14c,
    author = {Change.org},
    title = {Change.org Developers},
    year = {2014},
    url = {https://www.change.org/developers},
    note = {Last accessed 28 June 2014}
}

@ONLINE{Alexa14a,
    author = {Alexa.com},
    title = {Alexa - Actionable analytics for the Web},
    year = {2014},
    url = {http://www.alexa.com/},
    note = {Last accessed 29 June 2014}
}

@ONLINE{Alexa14b,
    author = {Alexa.com},
    title = {change.org Site Overview},
    year = {2014},
    url = {http://www.alexa.com/siteinfo/www.change.org},
    note = {Last accessed 29 June 2014}
}

@ONLINE{Change11,
	author = {Change.org},
    title = {Stop BofA's Foreclosure on Vera Johnson's Home \& Business},
    month = Sep,
    year = {2011},
    url = {https://www.change.org/petitions/stop-bofa-s-foreclosure-on-vera-johnson-s-home-business},
    note = {Last accessed 05 May 2014}
}

@ONLINE{Change12,
	author = {Change.org},
    title = {Stop selling acid},
    month = Jul,
    year = {2013},
    url = {http://www.change.org/petitions/stop-selling-acid-stopacidattacks},
    note = {Last accessed 07 May 2014}
}

@ONLINE{Change13,
	author = {Change.org},
    title = {South Africa: Take Action to Stop 'Corrective Rape'},
    month = Mar,
    year = {2011},
    url = {http://www.change.org/petitions/south-africa-take-action-to-stop-corrective-rape},
    note = {Last accessed 07 May 2014}
}

@ONLINE{Change15,
	author = {Change.org},
    title = {Congress: Extend lifesaving legislation for \& interpreters who helped US troops in Iraq},
    month = Oct,
    year = {2013},
    url = {http://www.change.org/petitions/congress-extend-lifesaving-legislation-for-interpreters-who-helped-us-troops-in-iraq},
    note = {Last accessed 07 May 2014}
}

@ONLINE{Change16,
	author = {Change.org},
    title = {Business Model},
    month = June,
    year = {2014},
    url = {http://www.change.org/about/business-model},
    note = {Last accessed 29 Jun 2014}
}


@ONLINE{Github14a,
    author = {Change.org},
    title = {Change.org API v1 documentation - Users},
    year = {2014},
    url = {https://github.com/change/api_docs/blob/master/v1/documentation/resources/users.md}
    note = {Last accessed 29 June 2014}
}

@ONLINE{Github14b,
    author = {Change.org},
    title = {Change.org API v1 documentation - Petitions},
    year = {2014},
    url = {https://github.com/change/api_docs/blob/master/v1/documentation/resources/petitions.md},
    note = {Last accessed 29 June 2014}
}

@book{Plummer11,
	author = {Plummer, Ken and Macionis, John},
    title = {Sociology: A global introduction},
	edition = {5 $^{th}$ ed.},
    publisher = {Prentice Hall},
    year = {2011},
    note = {ISBN 978-0273727910}
}

@book{Macionis12,
	author = {Macionis, John},
    title = {Sociology},
    edition = {14 $^{th}$ ed.},
    publisher = {Pearson Education Inc.},
    year = {2012},
    note = {ISBN 978-0205242917}
}

@book{Mol08,
	author={Mol, Arthur P.J.},
    title={Environmental Reform in the Information Age},
    edition={1.},
    publisher={Cambridge University Press},
	year={2008},
    note={ISBN 978-0521888127}
}

@book{Hindman09,
	author={Hindman, Matthew},
    title={The Myth of Digital Democracy},
    publisher={Princeton University Press},
    year={2009},
    note={ISBN 978-0691138688}
}

# alternative for online resource 
@misc{Patterson2013,
	author = {Patterson, Dave},
	title = {Dave Patterson's Writing Advice},
	year = {2013},
	url = {http://www.cs.berkeley.edu/~pattrsn/talks/writingtips.html},
	note = {Last accessed 16 July 2013}
}

@misc{Iso9241-11,
	author = {{DIN EN ISO 9241-11}}, 
	type = {Norm},
	number = {DIN EN ISO 9241-11},
	month = {},
	year = {1998},
	title = {Ergonomic requirements for office work with visual display terminals - Part 11: Guidance on usability}
}

@article{Baddeley:1974ts,
	author = {Baddeley, Alan D and Hitch, Graham},
	title = {{Working memory}},
	journal = {Psychology of learning and motivation},
	publisher = {Academic Press},
	year = {1974},
	pages = {47--89}
}


@ONLINE{ForbesChange,
	author = {Geron, Tomio},
    title = {The Business Behind Change.org's Activist Petitions},
    month = Oct,
    year = {2012},
    url = {http://www.forbes.com/sites/tomiogeron/2012/10/17/activism-for-profit-change-org-makes-an-impact-and-makes-money/},
    note = {Last accessed 08 May 2014}
}

@article{de2009weblogs,
  title={Weblogs, traditional sources online and political participation: An assessment of how the Internet is changing the political environment},
  author={De Z{\'u}{\~n}iga, Homero Gil and Puig-I-Abril, Eul{\`a}lia and Rojas, Hernando},
  journal={New Media \& Society},
  volume={11},
  number={4},
  pages={553--574},
  year={2009},
  publisher={Sage Publications}
}


@article{montgomery2008youth,
  title={Youth and digital democracy: Intersections of practice, policy, and the marketplace},
  author={Montgomery, Kathryn C},
  journal={Civic life online: Learning how digital media can engage youth},
  pages={25--50},
  year={2008},
  publisher={MIT Press Cambridge, MA}
}

@book{smith2009internet,
  title={The Internet and civic engagement},
  author={Smith, Aaron Whitman and Schlozman, Kay Lehman and Verba, Sidney and Brady, Henry},
  year={2009},
  publisher={Pew Internet \& American Life Project Washington, DC}
}

@article{etling2010political,
  title={Political change in the digital age: The fragility and promise of online organizing},
  author={Etling, Bruce and Faris, Robert and Palfrey, John},
  journal={SAIS Review},
  volume={30},
  number={2},
  pages={37--49},
  year={2010},
  publisher={The Johns Hopkins University Press}
}

@article{van2010internet,
  title={Internet and social movement action repertoires: Opportunities and limitations},
  author={Van Laer, Jeroen and Van Aelst, Peter},
  journal={Information, Communication \& Society},
  volume={13},
  number={8},
  pages={1146--1171},
  year={2010},
  publisher={Taylor \& Francis}
}

@article{macintosh2002digital,
  title={Digital democracy through electronic petitioning},
  author={Macintosh, Ann and Malina, Anna and Farrell, Steve},
  journal={Advances in digital government: technology, human factors, and policy},
  pages={137--148},
  year={2002},
  publisher={Springer}
}

@article{gil2010digital,
  title={Digital democracy: Reimagining pathways to political participation},
  author={Gil de Z{\'u}{\~n}iga, Homero and Veenstra, Aaron and Vraga, Emily and Shah, Dhavan},
  journal={Journal of Information Technology \& Politics},
  volume={7},
  number={1},
  pages={36--51},
  year={2010},
  publisher={Taylor \& Francis}
}

@article{ferber2007cyberdemocracy,
  title={Cyberdemocracy and online politics: a new model of interactivity},
  author={Ferber, Paul and Foltz, Franz and Pugliese, Rudy},
  journal={Bulletin of Science, Technology \& Society},
  volume={27},
  number={5},
  pages={391--400},
  year={2007},
  publisher={Sage Publications}
}

@article{green2014bullying,
  title={Bullying of the LGBTQ Community},
  author={Green, Bethany R and McLeod, Alicia A and Kelly, Ashlynn},
  year={2014}
}

@article{herre2014consider,
  title={Consider Countrywood’s Community Committee},
  author={Herre, Hank and Chaffee, Tom and Asselin, Jeanette and Winning, Sharon and Miller, Eva and Miser, John and Ritthaler, Bill and McDougal, Ellie and Hudson, Suzanne and Wallace, Mark},
  journal={Policy},
  volume={9},
  pages={30am},
  year={2014}
}

@article{jones2013activism,
  title={Activism or Slacktivism? The Role of Social Media in Effecting Social Change},
  author={Jones, Christopher and Wayland, Kent},
  journal={Research Paper. School of Engineering and Applied Science: University of Virginia},
  year={2013}
}

@article{land2014worldwide,
  title={Worldwide news and comment},
  author={Land, Rocking},
  journal={Tob Control},
  volume={23},
  number={3},
  pages={189},
  year={2014}
}

@article{prentice2012rotten,
  title={Rotten Tomatoes: Truths About Exploited Tomato Field Laborers},
  author={Prentice, Michael Tyler},
  journal={URJ-UCCS: Undergraduate Research Journal at UCCS},
  volume={5},
  number={1},
  pages={32--35},
  year={2012}
}

@article{marshall2014infusing,
  title={Infusing the Meaning of “Cruel and Unusual” Through the Digital Public Sphere: How the Internet Can Change the Debate on the Morality of Capital Punishment},
  author={Marshall, Adam A},
  year={2014}
}

@article{dray2014questioning,
  title={Questioning assumptions: UX research that really matters},
  author={Dray, Susan M},
  journal={interactions},
  volume={21},
  number={2},
  pages={82--85},
  year={2014},
  publisher={ACM}
}

@article {Dictionarycom2014Democracy,
title={Collins English Dictionary - Complete \& Unabridged 10th Edition},
month={Jun},
day = {03},
year = {2014},
url = {http://dictionary.reference.com/browse/Democracy},
}

@INBOOK{casestudyResearch,
	booktitle = "Encyclopedia of Case Study Research",
	title = "Descriptive Case Study",
	editor = "Albert J. Mills, Gabrielle Durepos, Elden Wiebe",
	author = "Ruthanne Tobin",
	publisher = "SAGE Publications, Inc.",
	edition = "0",
	year = "2010",
	pages = "289-290",
	url = "http://dx.doi.org/10.4135/9781412957397",
	}
    
@article{Morse1991,
  title={Approaches to qualitative-quantitative methodological triangulation},
  author={Morse, Janice M},
  journal={Nursing research},
  volume={40},
  number={2},
  pages={120--123},
  year={1991},
  publisher={LWW}
}

@article{introna2000shaping,
  title={Shaping the Web: Why the politics of search engines matters},
  author={Introna, Lucas D and Nissenbaum, Helen},
  journal={The information society},
  volume={16},
  number={3},
  pages={169--185},
  year={2000},
  publisher={Taylor \& Francis}
}

@book{kline2011first,
  title={First along the river: A brief history of the US environmental movement},
  author={Kline, Benjamin},
  year={2011},
  publisher={Rowman \& Littlefield Publishers}
}

@article{friis2006swarm,
  title={Swarm: A constellation to study the Earth's magnetic field},
  author={Friis-Christensen, Eigil and Luhr, H and Hulot, Gauthier},
  journal={Earth, Planets, and Space},
  volume={58},
  number={4},
  pages={351--358},
  year={2006}
}

@ONLINE{Butler2013,
	author = {Robert Butler},
    title = {The man behind AVAAZ},
    month = Jul,
    year = {2013},
    url = {http://moreintelligentlife.com/content/features/robert-butler/man-behind-avaaz?page=full},
    note = {Last accessed 29 June 2014}
}

@ONLINE{Cadwalladr2013,
	author = {Carole Cadwalladr},
    title = {Inside Avaaz – can online activism really change the world?},
    month = Nov,
    year = {2013},
    url = {http://www.theguardian.com/technology/2013/nov/17/avaaz-online-activism-can-it-change-the-world},
    note = {Last accessed 29 June 2014}
}

@ONLINE{Avaaz2011,
	author = {Avaaz.org},
    title = {The Avaaz Way: How We Work},
    year = {2011},
    url = {http://www.avaaz.org/en/about.php},
    note = {Last accessed 29 June 2014}
}

@ONLINE{Care22014,
	author = {Care2.com},
    title = {Company Overview},
    year = {2014},
    url = {http://www.care2.com/aboutus/overview.html},
    note = {Last accessed 29 June 2014}
}

@ONLINE{38degrees2014,
	author = {38degrees.org.uk},
    title = {About 38 Degrees},
    year = {2014},
    url = {http://www.38degrees.org.uk/pages/about38degrees},
    note = {Last accessed 29 June 2014}
}

@ONLINE{Guardian2010,
	author = {Guardian Daily},
    title = {Guardian Election Daily: Manifesto authors take your questions},
    year = {2010},
    url = {http://www.theguardian.com/world/blog/audio/2010/apr/19/guardian-election-daily-podcast},
    note = {Last accessed 29 June 2014}
}

@ONLINE{Puckett2011,
	author = {Warren Puckett},
    title = {What makes 38 Degrees a powerful voice for change?},
    month = Apr,
    year = {2011},
    url = {http://www.theguardian.com/society/joepublic/2011/apr/08/38-degrees-nhs-campaign},
    note = {Last accessed 29 June 2014}
}

@ONLINE{Weiner2013,
	author = {Rachel Weiner},
    title = {MoveOn.org moving to petition-driven model},
    month = Mar,
    year = {2013},
    url = {http://www.washingtonpost.com/blogs/post-politics/wp/2013/03/15/moveon-org-moving-to-petition-driven-model/},
    note = {Last accessed 29 June 2014}
}

@ONLINE{getup2014a,
	author = {getup.org.au},
    title = {About GetUp!},
    year = {2014},
    url = {https://www.getup.org.au/about/about-getup},
    note = {Last accessed 29 June 2014}
}

@ONLINE{getup2014b,
	author = {getup.org.au},
    title = {GetUp! FAQ},
    year = {2014},
    url = {https://www.getup.org.au/about/faq/},
    note = {Last accessed 29 June 2014}
}

@misc{getup2013,
  title={{GetUp Ltd, 2012/2013 Annual Report}},
  author={{GetUp Ltd}},
  howpublished={\url{https://d68ej2dhhub09.cloudfront.net/811-GetupAnnualReport_2012-13.pdf}},
  month={December},
  year={2013}
}

@book{GilesD2003,
  title={Media psychology},
  author={Giles, David},
  year={2003},
  publisher={Routledge}
}

@book{Weisberg2005,
  title={Applied Linear Regression},
  author={Weisberg, S.},
  isbn={9780471704089},
  lccn={2004050920},
  series={Wiley Series in Probability and Statistics},
  url={http://books.google.ru/books?id=xd0tNdFOOjcC},
  year={2005},
  publisher={Wiley}
}

@article{Krishnan2011,
  title={A Comparison of Principal Components Analysis and Factor Analysis for Uncovering the Early Development Instrument (EDI) Domains},
  author={Krishnan, Vijaya},
  year={2011}
}

@article{webster2002analyzing,
  title={Analyzing the past to prepare for the future: Writing a literature review},
  author={Webster, Jane and Watson, Richard T},
  journal={Management Information Systems Quarterly},
  volume={26},
  number={2},
  pages={3},
  year={2002}
}


@ONLINE{Stirland2008,
	author = {Stirland,Sarah Lai},
    title = {Change.org Crowdsources An Agenda For Incoming Administration},
    month = Nov,
    year = {2008},
    url = {http://www.wired.com/2008/11/changeorg-crowd/},
    note = {Last accessed 29 June 2014}
}

@ONLINE{Kristof2012,
	author = {Kristof,N. D.},
    title = {After Recess: Change the World},
    month = Feb,
    year = {2012},
    url = {http://www.nytimes.com/2012/02/05/opinion/sunday/kristof-after-recess-change-the-world.html?_r=2&},
    note = {Last accessed 29 June 2014}
}

@ONLINE{Empson2013,
	author = {Rip Empson},
    title = {With \$15M From Omidyar And 35M+ Users, Change.org Wants To Prove Socially-Minded Startups Can Attract Big Numbers},
    month = May,
    year = {2013},
    url = {http://techcrunch.com/2013/05/21/with-15m-from-omidyar-and-35m-users-change-org-wants-to-prove-socially-minded-business-can-attract-big-numbers/},
    note = {Last accessed 29 June 2014}
}

@ONLINE{Pozin2013,
	author = {Ilya Pozin},
    title = {15 Explosively Growing Companies to Watch This Year},
    month = Jun,
    year = {2013},
    url = {http://www.forbes.com/sites/ilyapozin/2013/06/06/15-explosively-growing-companies-to-watch-this-year/},
    note = {Last accessed 29 June 2014}
}

@ONLINE{Geron2012,
	author = {Tomio Geron},
    title = {The Business Behind Change.org's Activist Petitions},
    month = Nov,
    year = {2012},
    url = {http://www.forbes.com/sites/tomiogeron/2012/10/17/activism-for-profit-change-org-makes-an-impact-and-makes-money/},
    note = {Last accessed 29 June 2014}
}




