@ONLINE{Airbnb14a,
	author = {Airbnb},
	title = {About Us},
    year = 2014,
    url = {https://www.airbnb.com/about/about-us},
    note = {Last accessed 23rd April 2014}
}

@ONLINE{Airbnb14b,
	author = {Airbnb},
	title = {Homepage},
    year = 2014,
    url = {https://www.airbnb.com},
    note = {Last accessed 23rd April 2014}
}

@ONLINE{Economist13,
	author = {The Economist},
    title = {The rise of the sharing economy},
    month = mar,
    year = {2013},
    url = {http://www.economist.com/news/leaders/21573104-internet-everything-hire-rise-sharing-economy},
    note = {Last accessed 23rd April 2014}
}

@ONLINE{Boundless14,
	author = {Boundless},
    title = {Levels of Control: Strategic, Tactical, \& Operational},
    year = 2014,
    url = {https://www.boundless.com/management/boundless-open-textbook/control/types-of-control/levels-of-control-strategic-tactical-operational/},
    note = {Last accessed 23rd April 2014}
 }

@book{Dix04,
	author = {Dix, Alan and Finlay, Janet E. and Abowd, Gregory D. and Beale, Russell},
	title = {Human-Computer Interaction},
	edition = {3.},
	publisher = {Pearson Education Limited},
	address = {Essex, England},
	year = {2004},
	note = {ISBN 0-13-046109-1}
}


@book{Kaushik07,
	author = {Avinash Kaushik},
	title = {Web Analytics},
	edition = {1.},
	publisher = {Wiley Publishing, Inc.},
	address = {Indianapolis, Indiana},
	year = {2007},
	note = {ISBN 978-0-470-13065-0}
}


@ONLINE{Stanford09,
	author = {Surname, First Name},
	title = {This is a test entry of type {@ONLINE}},
	month = jun,
	year = {2009},
	url = {http://today.slac.stanford.edu/images/2009/colloquium-web-collide.jpg},
	note = {Last accessed 16 July 2013}
}

@misc{Iso9241-11,
	author = {{DIN EN ISO 9241-11}}, 
	type = {Norm},
	number = {DIN EN ISO 9241-11},
	month = {},
	year = {1998},
	title = {Ergonomic requirements for office work with visual display terminals - Part 11: Guidance on usability}
}

# alternative for online resource 
@misc{Patterson2013,
	author = {Patterson, Dave},
	title = {Dave Patterson's Writing Advice},
	year = {2013},
	url = {http://www.cs.berkeley.edu/~pattrsn/talks/writingtips.html},
	note = {Last accessed 16 July 2013}
}


@misc{Hall,
	author = {Hall, Shane},
	title = {How to Cite Page Numbers in APA Format},
	year = {2013},
	url = {http://www.ehow.com/how_5689799_cite-numbers-apa-format.html},
	note = {Last accessed 16 July 2013}
}

@article{Baddeley:1974ts,
	author = {Baddeley, Alan D and Hitch, Graham},
	title = {{Working memory}},
	journal = {Psychology of learning and motivation},
	publisher = {Academic Press},
	year = {1974},
	pages = {47--89}
}